<?xml version="1.0" encoding="UTF-8"?><record xmlns="http://www.loc.gov/MARC21/slim" xmlns:cinclude="http://apache.org/cocoon/include/1.0" xmlns:zs="http://www.loc.gov/zing/srw/">
  <leader>00769nz  a2200217n  4500</leader>
  <controlfield tag="001">no2013017542</controlfield>
  <controlfield tag="003">DLC</controlfield>
  <controlfield tag="005">20130219152236.0</controlfield>
  <controlfield tag="008">130215n| azannaabn          |n aaa     c</controlfield>
  <datafield tag="010" ind1=" " ind2=" ">
    <subfield code="a">no2013017542</subfield>
  </datafield>
  <datafield tag="035" ind1=" " ind2=" ">
    <subfield code="a">(OCoLC)oca09407234</subfield>
  </datafield>
  <datafield tag="040" ind1=" " ind2=" ">
    <subfield code="a">Mi</subfield>
    <subfield code="b">eng</subfield>
    <subfield code="c">Mi</subfield>
    <subfield code="e">rda</subfield>
  </datafield>
  <datafield tag="046" ind1=" " ind2=" ">
    <subfield code="f">19501229</subfield>
  </datafield>
  <datafield tag="100" ind1="1" ind2=" ">
    <subfield code="a">Hudson, Don,</subfield>
    <subfield code="d">1950-</subfield>
  </datafield>
  <datafield tag="370" ind1=" " ind2=" ">
    <subfield code="a">Detroit, Mich.</subfield>
    <subfield code="e">South Lyon, Mich.</subfield>
  </datafield>
  <datafield tag="372" ind1=" " ind2=" ">
    <subfield code="a">Photography</subfield>
    <subfield code="2">lcsh</subfield>
  </datafield>
  <datafield tag="374" ind1=" " ind2=" ">
    <subfield code="a">Photographers</subfield>
    <subfield code="2">lcsh</subfield>
  </datafield>
  <datafield tag="375" ind1=" " ind2=" ">
    <subfield code="a">male</subfield>
  </datafield>
  <datafield tag="377" ind1=" " ind2=" ">
    <subfield code="a">eng</subfield>
  </datafield>
  <datafield tag="670" ind1=" " ind2=" ">
    <subfield code="a">From the archives, 2012:</subfield>
    <subfield code="b">t.p. (Don Hudson)</subfield>
  </datafield>
  <datafield tag="670" ind1=" " ind2=" ">
    <subfield code="a">Don Hudson's photostream WWW site, viewed Jan. 14, 2013 :</subfield>
    <subfield code="b">profile page (Don Hudson; b. Dec. 29, 1950 in Detroit, Mich.; amateur photographer; currently lives in South Lyon, Mich.)</subfield>
    <subfield code="u">http://www.flickr.com/people/seefood_vol1/</subfield>
  </datafield>
</record>